@misc{socket.io,
  title       = {Socket.IO},
  url         = {https://socket.io/},
} 

@misc{youtube,
  title       = {American Poolplayers Association},
  url         = {https://www.youtube.com/user/apaleagues/videos},
} 

